<?xml version="1.0" encoding="UTF-8"?><collection xmlns="http://www.loc.gov/MARC21/slim"><record><leader>00452nam--2200133-i-4500</leader><controlfield tag="001">000035022</controlfield><controlfield tag="002">20161230</controlfield><controlfield tag="005">20161230201040</controlfield><controlfield tag="008">060222s1000------------r-----000-0-eng-d</controlfield><datafield ind1=" " ind2=" " tag="100"><subfield code="a">Niessen, K. F</subfield></datafield><datafield ind1=" " ind2=" " tag="245"><subfield code="a">Bemerkung zu einem vermeiten zusammenhang zwischen austrittsarbeit und electronenpotential in einem metall</subfield></datafield><datafield ind1=" " ind2=" " tag="260"><subfield code="a">Eindhoven, Holland, 1934 Mai. 623-626p.(Gepubl.In Phis.Mai 1934)</subfield></datafield><datafield ind1=" " ind2=" " tag="490"><subfield code="a">Laboratoria Philips Separat 885</subfield></datafield><datafield ind1=" " ind2=" " tag="852"><subfield code="a">4776</subfield></datafield></record></collection>